
@article{Bangdiwala2001,
  author = {Shrikant I. Bangdiwala and Sergio R. Mu{\~n}oz},
  title = {Training of statisticians and clinical researchers worldwide to
    collaborate as co-investigators within country clinical epidemiology 
    units: the experience of the international clinical epidemiology
    network {(INCLEN)}},
  year = {2001},
  journal = {Training Researchers in the Use of Statistics},
  pages = {265--275},
  url = {http://www.stat.auckland.ac.nz/~iase/publications/9/265.pdf}
}

@article{Adams2009,
  author = {B. AdamsHuet, C. Ahn},
  title = {Bridging clinical investigators and statisticians: writing the
    statistical methodology for a research proposal},
  journal = {The Journal of Investigative Medicine},
  year = {2009},
  month = {Dec},
  pages = {818--814},
  volume = {57}
}

@book{Hulley2001,
  author = {Stephen B. Hulley and Steven R. Cummings and Warren S. Browner and
    Deborah G. Grady and Thomas B. Newman},
  title = {Designing Clinical Research},
  address = {Philadelphia,~PA},
  year = {2007},
  publisher = {Lippincott Williams \& Wilkins}
}

@book{Light1990,
  author = {Richard J. Light and Judith D. Singer and John B. Willett},
  title = {By Design: Planning Research on Higher Education},
  publisher = {The President and Fellows of Harvard College},
  year = {1990}
}
